@article{jedari2018survey,
  title     = {A survey on human-centric communications in non-cooperative wireless relay networks},
  author    = {Jedari, Behrouz and Xia, Feng and Ning, Zhaolong},
  journal   = {IEEE Communications Surveys \& Tutorials},
  volume    = {20},
  number    = {2},
  pages     = {914--944},
  year      = {2018},
  publisher = {IEEE},
}

@misc{vahdat2000epidemic,
  title     = {Epidemic routing for partially connected ad hoc networks},
  author    = {Vahdat, Amin and Becker, David and others},
  year      = {2000},
  publisher = {Technical Report CS-200006, Duke University},
}

@article{lindgren2003probabilistic,
  title     = {Probabilistic routing in intermittently connected networks},
  author    = {Lindgren, Anders and Doria, Avri and Schel{\'e}n, Olov},
  journal   = {ACM SIGMOBILE mobile computing and communications review},
  volume    = {7},
  number    = {3},
  pages     = {19--20},
  year      = {2003},
  publisher = {ACM New York, NY, USA},
}

@inproceedings{burgess2006maxprop,
  title        = {MaxProp: Routing for Vehicle-Based Disruption-Tolerant Networks.},
  author       = {Burgess, John and Gallagher, Brian and Jensen, David D and Levine, Brian Neil and others},
  booktitle    = {Infocom},
  volume       = {6},
  year         = {2006},
  organization = {Barcelona, Spain},
}

@inproceedings{balasubramanian2007dtn,
  title     = {DTN routing as a resource allocation problem},
  author    = {Balasubramanian, Aruna and Levine, Brian and Venkataramani, Arun},
  booktitle = {Proceedings of the 2007 conference on Applications, technologies, architectures, and protocols for computer communications},
  pages     = {373--384},
  year      = {2007},
}

@techreport{RFC9171,
  author       = {S. Burleigh and K. Fall and E. Birrane and III},
  title        = {Bundle Protocol Version 7},
  howpublished = {Internet Requests for Comments},
  type         = {RFC},
  number       = {9171},
  year         = {2022},
  month        = {January},
  issn         = {2070-1721},
  publisher    = {RFC Editor},
  institution  = {RFC Editor},
}

@techreport{RFC5050,
  author       = {K. Scott and S. Burleigh},
  title        = {Bundle Protocol Specification},
  howpublished = {Internet Requests for Comments},
  type         = {RFC},
  number       = {5050},
  year         = {2007},
  month        = {November},
  issn         = {2070-1721},
  publisher    = {RFC Editor},
  institution  = {RFC Editor},
  url          = {http://www.rfc-editor.org/rfc/rfc5050.txt},
}

@techreport{RFC5326,
  author       = {M. Ramadas and S. Burleigh and S. Farrell},
  title        = {Licklider Transmission Protocol - Specification},
  howpublished = {Internet Requests for Comments},
  type         = {RFC},
  number       = {5326},
  year         = {2008},
  month        = {September},
  issn         = {2070-1721},
  publisher    = {RFC Editor},
  institution  = {RFC Editor},
}

@techreport{RFC0793,
  author       = {Jon Postel},
  title        = {Transmission Control Protocol},
  howpublished = {Internet Requests for Comments},
  type         = {STD},
  number       = {7},
  year         = {1981},
  month        = {September},
  issn         = {2070-1721},
  publisher    = {RFC Editor},
  institution  = {RFC Editor},
  url          = {http://www.rfc-editor.org/rfc/rfc793.txt},
}

@techreport{RFC7323,
  author       = {D. Borman and B. Braden and V. Jacobson and R. Scheffenegger},
  title        = {TCP Extensions for High Performance},
  howpublished = {Internet Requests for Comments},
  type         = {RFC},
  number       = {7323},
  year         = {2014},
  month        = {September},
  issn         = {2070-1721},
  publisher    = {RFC Editor},
  institution  = {RFC Editor},
}

@techreport{RFC0768,
  author       = {J. Postel},
  title        = {User Datagram Protocol},
  howpublished = {Internet Requests for Comments},
  type         = {STD},
  number       = {6},
  year         = {1980},
  month        = {August},
  issn         = {2070-1721},
  publisher    = {RFC Editor},
  institution  = {RFC Editor},
  url          = {http://www.rfc-editor.org/rfc/rfc768.txt},
}

@misc{sim-theone,
  author  = {Ari Ker√§nen},
  title   = {The One},
  year    = {2015},
  url     = {https://github.com/akeranen/the-one},
  urldate = {2022-07-22},
}

@misc{sim-ops,
  author  = {Communication Networks Bremen},
  title   = {OPS},
  year    = {2022},
  url     = {https://github.com/ComNets-Bremen/OPS},
  urldate = {2022-07-22},
}

@misc{sim-ns3,
  author  = {bit-oh-my-god},
  title   = {ns3-dtn-bit},
  year    = {2018},
  url     = {https://github.com/bit-oh-my-god/ns3-dtn-bit},
  urldate = {2022-07-22},
}

@misc{sim-dtnsim,
  author  = {Hiroyuki Ohsaki},
  title   = {dtnsim},
  year    = {2021},
  url     = {https://github.com/h-ohsaki/dtnsim},
  urldate = {2022-07-22},
}

@misc{sim-dtn,
  author  = {Szymon Wieloch},
  title   = {DTN},
  year    = {2017},
  url     = {https://github.com/szymonwieloch/DTN},
  urldate = {2022-07-22},
}

@techreport{burleigh2011contact,
  title  = {Contact graph routing},
  author = {Burleigh, Scott C},
  year   = {2011},
}

@article{7433915,
  author  = {},
  journal = {IEEE Std 802.1AB-2016 (Revision of IEEE Std 802.1AB-2009)},
  title   = {IEEE Standard for Local and metropolitan area networks - Station and Media Access Control Connectivity Discovery},
  year    = {2016},
  volume  = {},
  number  = {},
  pages   = {1-146},
  doi     = {10.1109/IEEESTD.2016.7433915},
}


@online{nasa-scottburleigh-2021-1,
  author  = {Scott Burleigh},
  title   = {Introduction to Delay/Disruption Tolerant Networking 1.1},
  year    = {2021},
  url     = {https://www.youtube.com/watch?v=2RHzIxbBJgo},
  urldate = {2022-10-07},
}
@online{nasa-scottburleigh-2021-2,
  author  = {Scott Burleigh},
  title   = {Introduction to Delay/Disruption Tolerant Networking 1.2},
  year    = {2021},
  url     = {https://www.youtube.com/watch?v=CXqqIauO1qQ},
  urldate = {2022-10-07},
}

@online{azure-sidecar,
  author  = {Microsoft},
  title   = {Sidecar pattern},
  year    = {2021},
  url     = {https://learn.microsoft.com/en-us/azure/architecture/patterns/sidecar},
  urldate = {2022-12-16},
}

@techreport{RFC1034,
  author       = {P. Mockapetris},
  title        = {Domain names - concepts and facilities},
  howpublished = {Internet Requests for Comments},
  type         = {STD},
  number       = {13},
  year         = {1987},
  month        = {November},
  issn         = {2070-1721},
  publisher    = {RFC Editor},
  institution  = {RFC Editor},
  url          = {http://www.rfc-editor.org/rfc/rfc1034.txt},
  note         = {\url{http://www.rfc-editor.org/rfc/rfc1034.txt}},
}
@techreport{RFC1035,
  author       = {P. Mockapetris},
  title        = {Domain names - implementation and specification},
  howpublished = {Internet Requests for Comments},
  type         = {STD},
  number       = {13},
  year         = {1987},
  month        = {November},
  issn         = {2070-1721},
  publisher    = {RFC Editor},
  institution  = {RFC Editor},
  url          = {http://www.rfc-editor.org/rfc/rfc1035.txt},
  note         = {\url{http://www.rfc-editor.org/rfc/rfc1035.txt}},
}
@techreport{RFC0791,
  author       = {Jon Postel},
  title        = {Internet Protocol},
  howpublished = {Internet Requests for Comments},
  type         = {STD},
  number       = {5},
  year         = {1981},
  month        = {September},
  issn         = {2070-1721},
  publisher    = {RFC Editor},
  institution  = {RFC Editor},
  url          = {http://www.rfc-editor.org/rfc/rfc791.txt},
  note         = {\url{http://www.rfc-editor.org/rfc/rfc791.txt}},
}

@techreport{RFC1123,
  author       = {R. Braden},
  title        = {Requirements for Internet Hosts - Application and Support},
  howpublished = {Internet Requests for Comments},
  type         = {STD},
  number       = {3},
  year         = {1989},
  month        = {October},
  issn         = {2070-1721},
  publisher    = {RFC Editor},
  institution  = {RFC Editor},
}

@techreport{ietf-dtn-mtcpcl-01,
  number      = {draft-ietf-dtn-mtcpcl-01},
  type        = {Internet-Draft},
  institution = {Internet Engineering Task Force},
  publisher   = {Internet Engineering Task Force},
  note        = {Work in Progress},
  url         = {https://datatracker.ietf.org/doc/draft-ietf-dtn-mtcpcl/01/},
  author      = {Scott C. Burleigh},
  title       = {{Minimal TCP Convergence-Layer Protocol}},
  pagetotal   = 8,
  year        = 2019,
  month       = apr,
  day         = 23,
  abstract    = {This document describes a Minimal TCP (MTCP) "convergence-layer" protocol for the Delay-Tolerant Networking (DTN) Bundle Protocol (BP). MTCP uses Transmission Control Protocol (TCP) to transmit BP "bundles" from one BP node to another node to which it is topologically adjacent in the BP network. The services provided by the MTCP convergence-layer protocol adapter utilize a standard TCP connection for the purposes of bundle transmission.},
}

@techreport{RFC1918,
  author       = {Yakov Rekhter and Robert G. Moskowitz and Daniel Karrenberg and Geert Jan de Groot and Eliot Lear},
  title        = {Address Allocation for Private Internets},
  howpublished = {Internet Requests for Comments},
  type         = {BCP},
  number       = {5},
  year         = {1996},
  month        = {February},
  issn         = {2070-1721},
  publisher    = {RFC Editor},
  institution  = {RFC Editor},
  url          = {http://www.rfc-editor.org/rfc/rfc1918.txt},
  note         = {\url{http://www.rfc-editor.org/rfc/rfc1918.txt}},
}


